@Book{intro,
  title = "Uma Introdução às Energias Renováveis: 
  Eólica, Fotovoltaica e Mini-hídrica",
  author = "Rui Castro",
  publisher = "IST Press",
  year = 2012,
  edition = "2nd",
  isbn = "978-972-8469-01-6",
  pages = "10"
}